@misc{jensen:2015,
	author = {Jensen, Morten Hjort},
	title = {Computational Physics, Lecture notes Fall 2015},
	year = {2015},
	note = {\url{https://github.com/CompPhysics/ComputationalPhysics/blob/master/doc/Lectures/lectures2015.pdf}, Retrieved 6.9.2019}
}

@misc{jensen:2019,
	author = "{Department of Physics}",
	title = {Project 3, numerical integration, deadline October 21},
	year = {2019},
	month = {Oct.},
	publisher = {University of Oslo}, 
	address = {Norway},
	note = {\url{https://github.com/CompPhysics/ComputationalPhysics/tree/master/doc/Projects/2019/Project3/pdf}, Retrieved 16.10.2019}
}
